@ARTICLE{Becker,
   author = {{Becker}, G.~D. and {Hewett}, P.~C. and {Worseck}, G. and {Prochaska}, J.~X.
	},
    title = "{A refined measurement of the mean transmitted flux in the Ly{$\alpha$} forest over 2 $\lt$ z $\lt$ 5 using composite quasar spectra}",
  journal = {\mnras},
archivePrefix = "arXiv",
   eprint = {1208.2584},
 keywords = {intergalactic medium, quasars: absorption lines, cosmology: observations, large-scale structure of Universe},
     year = 2013,
    month = apr,
   volume = 430,
    pages = {2067-2081},
      doi = {10.1093/mnras/stt031},
   adsurl = {http://adsabs.harvard.edu/abs/2013MNRAS.430.2067B},
  adsnote = {Provided by the SAO/NASA Astrophysics Data System}
}


@ARTICLE{2015ata,
   author = {{Ata}, M. and {Kitaura}, F.-S. and {M{\"u}ller}, V.},
    title = "{Bayesian inference of cosmic density fields from non-linear, scale-dependent, and stochastic biased tracers}",
  journal = {\mnras},
archivePrefix = "arXiv",
   eprint = {1408.2566},
 keywords = {catalogues, galaxies: statistics, cosmology: theory, large-scale structure of Universe},
     year = 2015,
    month = feb,
   volume = 446,
    pages = {4250-4259},
      doi = {10.1093/mnras/stu2347},
   adsurl = {http://adsabs.harvard.edu/abs/2015MNRAS.446.4250A},
  adsnote = {Provided by the SAO/NASA Astrophysics Data System}
}


@ARTICLE{2016Kitaura,
   author = {{Kitaura}, F.-S. and {Ata}, M. and {Angulo}, R.~E. and {Chuang}, C.-H. and 
	{Rodr{\'{\i}}guez-Torres}, S. and {Monteagudo}, C.~H. and {Prada}, F. and 
	{Yepes}, G.},
    title = "{Bayesian redshift-space distortions correction from galaxy redshift surveys}",
  journal = {\mnras},
archivePrefix = "arXiv",
   eprint = {1507.08724},
 keywords = {methods: numerical, methods: observational, galaxies: general, cosmology: theory, large-scale structure of Universe},
     year = 2016,
    month = mar,
   volume = 457,
    pages = {L113-L117},
      doi = {10.1093/mnrasl/slw009},
   adsurl = {http://adsabs.harvard.edu/abs/2016MNRAS.457L.113K},
  adsnote = {Provided by the SAO/NASA Astrophysics Data System}
}



@ARTICLE{2010White,
   author = {{White}, M. and {Pope}, A. and {Carlson}, J. and {Heitmann}, K. and 
	{Habib}, S. and {Fasel}, P. and {Daniel}, D. and {Lukic}, Z.
	},
    title = "{Particle Mesh Simulations of the Ly{$\alpha$} Forest and the Signature of Baryon Acoustic Oscillations in the Intergalactic Medium}",
  journal = {\apj},
archivePrefix = "arXiv",
   eprint = {0911.5341},
 keywords = {cosmology: theory, intergalactic medium, large-scale structure of universe, methods: numerical, quasars: absorption lines},
     year = 2010,
    month = apr,
   volume = 713,
    pages = {383-393},
      doi = {10.1088/0004-637X/713/1/383},
   adsurl = {http://adsabs.harvard.edu/abs/2010ApJ...713..383W},
  adsnote = {Provided by the SAO/NASA Astrophysics Data System}
}

@ARTICLE{2016Pahwa,
   author = {{Pahwa}, I. and {Libeskind}, N.~I. and {Tempel}, E. and {Hoffman}, Y. and 
	{Tully}, R.~B. and {Courtois}, H.~M. and {Gottl{\"o}ber}, S. and 
	{Steinmetz}, M. and {Sorce}, J.~G.},
    title = "{The alignment of galaxy spin with the shear field in observations}",
  journal = {\mnras},
archivePrefix = "arXiv",
   eprint = {1512.02236},
 keywords = {methods: observational, galaxies: evolution, galaxies: formation, large-scale structure of Universe},
     year = 2016,
    month = mar,
   volume = 457,
    pages = {695-703},
      doi = {10.1093/mnras/stv2930},
   adsurl = {http://adsabs.harvard.edu/abs/2016MNRAS.457..695P},
  adsnote = {Provided by the SAO/NASA Astrophysics Data System}
}


@ARTICLE{2013Libeskind,
   author = {{Libeskind}, N.~I. and {Hoffman}, Y. and {Forero-Romero}, J. and 
	{Gottl{\"o}ber}, S. and {Knebe}, A. and {Steinmetz}, M. and 
	{Klypin}, A.},
    title = "{The velocity shear tensor: tracer of halo alignment}",
  journal = {\mnras},
archivePrefix = "arXiv",
   eprint = {1210.4559},
 keywords = {galaxies: haloes, cosmology: theory, dark matter, large scale structure of Universe},
     year = 2013,
    month = jan,
   volume = 428,
    pages = {2489-2499},
      doi = {10.1093/mnras/sts216},
   adsurl = {http://adsabs.harvard.edu/abs/2013MNRAS.428.2489L},
  adsnote = {Provided by the SAO/NASA Astrophysics Data System}
}


@ARTICLE{1970Zeldovich,
   author = {{Zel'dovich}, Y.~B.},
    title = "{Gravitational instability: An approximate theory for large density perturbations.}",
  journal = {\aap},
     year = 1970,
    month = mar,
   volume = 5,
    pages = {84-89},
   adsurl = {http://adsabs.harvard.edu/abs/1970A%26A.....5...84Z},
  adsnote = {Provided by the SAO/NASA Astrophysics Data System}
}


@ARTICLE{2001Pichon,
   author = {{Pichon}, C. and {Vergely}, J.~L. and {Rollinde}, E. and {Colombi}, S. and 
	{Petitjean}, P.},
    title = "{Inversion of the Lyman {$\alpha$} forest: three-dimensional investigation of the intergalactic medium}",
  journal = {\mnras},
   eprint = {astro-ph/0105196},
 keywords = {METHODS: DATA ANALYSIS, METHODS: N-BODY SIMULATIONS, METHODS: STATISTICAL, INTERGALACTIC MEDIUM, QUASARS: ABSORPTION LINES, DARK MATTER},
     year = 2001,
    month = sep,
   volume = 326,
    pages = {597-620},
      doi = {10.1046/j.1365-8711.2001.04595.x},
   adsurl = {http://adsabs.harvard.edu/abs/2001MNRAS.326..597P},
  adsnote = {Provided by the SAO/NASA Astrophysics Data System}
}


@ARTICLE{2008Caucci,
   author = {{Caucci}, S. and {Colombi}, S. and {Pichon}, C. and {Rollinde}, E. and 
	{Petitjean}, P. and {Sousbie}, T.},
    title = "{Recovering the topology of the intergalactic medium at z \~{} 2}",
  journal = {\mnras},
 keywords = {methods: statistical , intergalactic medium , quasars: absorption lines , large-scale structure of Universe},
     year = 2008,
    month = may,
   volume = 386,
    pages = {211-229},
      doi = {10.1111/j.1365-2966.2008.13016.x},
   adsurl = {http://adsabs.harvard.edu/abs/2008MNRAS.386..211C},
  adsnote = {Provided by the SAO/NASA Astrophysics Data System}
}


@ARTICLE{2016LeeColossus,
   author = {{Lee}, K.-G. and {Hennawi}, J.~F. and {White}, M. and {Prochaska}, J.~X. and 
	{Font-Ribera}, A. and {Schlegel}, D.~J. and {Rich}, R.~M. and 
	{Suzuki}, N. and {Stark}, C.~W. and {Le F{\`e}vre}, O. and {Nugent}, P.~E. and 
	{Salvato}, M. and {Zamorani}, G.},
    title = "{Shadow of a Colossus: A z = 2.44 Galaxy Protocluster Detected in 3D Ly{$\alpha$} Forest Tomographic Mapping of the COSMOS Field}",
  journal = {\apj},
archivePrefix = "arXiv",
   eprint = {1509.02833},
 keywords = {cosmology: observations, galaxies: clusters: general, galaxies: high-redshift, intergalactic medium, quasars: absorption lines, techniques: spectroscopic},
     year = 2016,
    month = feb,
   volume = 817,
      eid = {160},
    pages = {160},
      doi = {10.3847/0004-637X/817/2/160},
   adsurl = {http://adsabs.harvard.edu/abs/2016ApJ...817..160L},
  adsnote = {Provided by the SAO/NASA Astrophysics Data System}
}



@ARTICLE{2018Krolewski,
   author = {{Krolewski}, A. and {Lee}, K.-G. and {White}, M. and {Hennawi}, J.~F. and 
	{Schlegel}, D.~J. and {Nugent}, P.~E. and {Luki{\'c}}, Z. and 
	{Stark}, C.~W. and {Koekemoer}, A.~M. and {Le F{\`e}vre}, O. and 
	{Lemaux}, B.~C. and {Maier}, C. and {Rich}, R.~M. and {Salvato}, M. and 
	{Tasca}, L.},
    title = "{Detection of z 2.3 Cosmic Voids from 3D Ly{$\alpha$} Forest Tomography in the COSMOS Field}",
  journal = {\apj},
archivePrefix = "arXiv",
   eprint = {1710.02612},
 keywords = {cosmology: observations, intergalactic medium, large-scale structure of universe, quasars: absorption lines},
     year = 2018,
    month = jul,
   volume = 861,
      eid = {60},
    pages = {60},
      doi = {10.3847/1538-4357/aac829},
   adsurl = {http://adsabs.harvard.edu/abs/2018ApJ...861...60K},
  adsnote = {Provided by the SAO/NASA Astrophysics Data System}
}


@ARTICLE{2015StarkProtocluster,
   author = {{Stark}, C.~W. and {White}, M. and {Lee}, K.-G. and {Hennawi}, J.~F.
	},
    title = "{Protocluster discovery in tomographic Ly {$\alpha$} forest flux maps}",
  journal = {\mnras},
archivePrefix = "arXiv",
   eprint = {1412.1507},
 keywords = {intergalactic medium, large-scale structure of Universe},
     year = 2015,
    month = oct,
   volume = 453,
    pages = {311-327},
      doi = {10.1093/mnras/stv1620},
   adsurl = {http://adsabs.harvard.edu/abs/2015MNRAS.453..311S},
  adsnote = {Provided by the SAO/NASA Astrophysics Data System}
}


@ARTICLE{2017EilersContinua,
   author = {{Eilers}, A.-C. and {Hennawi}, J.~F. and {Lee}, K.-G.},
    title = "{Joint Bayesian Estimation of Quasar Continua and the Ly{$\alpha$} Forest Flux Probability Distribution Function}",
  journal = {\apj},
archivePrefix = "arXiv",
   eprint = {1707.01906},
 keywords = {intergalactic medium, methods: data analysis, quasars: absorption lines},
     year = 2017,
    month = aug,
   volume = 844,
      eid = {136},
    pages = {136},
      doi = {10.3847/1538-4357/aa7e31},
   adsurl = {http://adsabs.harvard.edu/abs/2017ApJ...844..136E},
  adsnote = {Provided by the SAO/NASA Astrophysics Data System}
}


@ARTICLE{2002White,
   author = {{White}, M.},
    title = "{The Mass Function}",
  journal = {\apjs},
   eprint = {astro-ph/0207185},
 keywords = {Cosmology: Theory, Cosmology: Large-Scale Structure of Universe},
     year = 2002,
    month = dec,
   volume = 143,
    pages = {241-255},
      doi = {10.1086/342752},
   adsurl = {http://adsabs.harvard.edu/abs/2002ApJS..143..241W},
  adsnote = {Provided by the SAO/NASA Astrophysics Data System}
}


@ARTICLE{2018Horowitz,
   author = {{Horowitz}, B. and {Seljak}, U. and {Aslanyan}, G.},
    title = "{Efficient Optimal Reconstruction of Linear Fields and Band-powers from Cosmological Data}",
  journal = {ArXiv e-prints},
archivePrefix = "arXiv",
   eprint = {1810.00503},
 keywords = {Astrophysics - Cosmology and Nongalactic Astrophysics},
     year = 2018,
    month = sep,
   adsurl = {http://adsabs.harvard.edu/abs/2018arXiv181000503H},
  adsnote = {Provided by the SAO/NASA Astrophysics Data System}
}


@ARTICLE{BiGe,
   author = {{Bi}, H. and {Ge}, J. and {Fang}, L.-Z.},
    title = "{A Simulation of LY alpha Absorption Forests in Linear Approximation of Cold Dark Matter and Cold Plus Hot Dark Matter Models}",
  journal = {\apj},
   eprint = {astro-ph/9504061},
 keywords = {COSMOLOGY: THEORY, COSMOLOGY: DARK MATTER, GALAXIES: QUASARS: ABSORPTION LINES},
     year = 1995,
    month = oct,
   volume = 452,
    pages = {90},
      doi = {10.1086/176282},
   adsurl = {http://adsabs.harvard.edu/abs/1995ApJ...452...90B},
  adsnote = {Provided by the SAO/NASA Astrophysics Data System}
}

@ARTICLE{1995ApJ...452...90B,
   author = {{Bi}, H. and {Ge}, J. and {Fang}, L.-Z.},
    title = "{A Simulation of LY alpha Absorption Forests in Linear Approximation of Cold Dark Matter and Cold Plus Hot Dark Matter Models}",
  journal = {\apj},
   eprint = {astro-ph/9504061},
 keywords = {COSMOLOGY: THEORY, COSMOLOGY: DARK MATTER, GALAXIES: QUASARS: ABSORPTION LINES},
     year = 1995,
    month = oct,
   volume = 452,
    pages = {90},
      doi = {10.1086/176282},
   adsurl = {http://adsabs.harvard.edu/abs/1995ApJ...452...90B},
  adsnote = {Provided by the SAO/NASA Astrophysics Data System}
}

@ARTICLE{ECULID1,
   author = {{Wang}, H. and {Mo}, H.~J. and {Yang}, X. and {Jing}, Y.~P. and 
	{Lin}, W.~P.},
    title = "{ELUCID-Exploring the Local Universe with the Reconstructed Initial Density Field. I. Hamiltonian Markov Chain Monte Carlo Method with Particle Mesh Dynamics}",
  journal = {\apj},
archivePrefix = "arXiv",
   eprint = {1407.3451},
 keywords = {dark matter, Galaxy: halo, large-scale structure of universe, methods: statistical},
     year = 2014,
    month = oct,
   volume = 794,
      eid = {94},
    pages = {94},
      doi = {10.1088/0004-637X/794/1/94},
   adsurl = {http://adsabs.harvard.edu/abs/2014ApJ...794...94W},
  adsnote = {Provided by the SAO/NASA Astrophysics Data System}
}

@ARTICLE{KH,
   author = {{Kitaura}, F.-S. and {He{\ss}}, S.},
    title = "{Cosmological structure formation with augmented Lagrangian perturbation theory}",
  journal = {\mnras},
archivePrefix = "arXiv",
   eprint = {1212.3514},
 keywords = {catalogues, galaxies: clusters: general, galaxies: statistics, large-scale structure of Universe},
     year = 2013,
    month = aug,
   volume = 435,
    pages = {L78-L82},
      doi = {10.1093/mnrasl/slt101},
   adsurl = {http://adsabs.harvard.edu/abs/2013MNRAS.435L..78K},
  adsnote = {Provided by the SAO/NASA Astrophysics Data System}
}


@ARTICLE{2013nyx,
   author = {{Almgren}, A.~S. and {Bell}, J.~B. and {Lijewski}, M.~J. and 
	{Luki{\'c}}, Z. and {Van Andel}, E.},
    title = "{Nyx: A Massively Parallel AMR Code for Computational Cosmology}",
  journal = {\apj},
archivePrefix = "arXiv",
   eprint = {1301.4498},
 primaryClass = "astro-ph.IM",
 keywords = {gravitation, hydrodynamics, methods: numerical },
     year = 2013,
    month = mar,
   volume = 765,
      eid = {39},
    pages = {39},
      doi = {10.1088/0004-637X/765/1/39},
   adsurl = {http://adsabs.harvard.edu/abs/2013ApJ...765...39A},
  adsnote = {Provided by the SAO/NASA Astrophysics Data System}
}


@ARTICLE{2007Hahn,
   author = {{Hahn}, O. and {Carollo}, C.~M. and {Porciani}, C. and {Dekel}, A.
	},
    title = "{The evolution of dark matter halo properties in clusters, filaments, sheets and voids}",
  journal = {\mnras},
archivePrefix = "arXiv",
   eprint = {0704.2595},
 keywords = {methods: N-body simulations, galaxies: haloes, cosmology: theory, dark matter, large-scale structure of Universe},
     year = 2007,
    month = oct,
   volume = 381,
    pages = {41-51},
      doi = {10.1111/j.1365-2966.2007.12249.x},
   adsurl = {http://adsabs.harvard.edu/abs/2007MNRAS.381...41H},
  adsnote = {Provided by the SAO/NASA Astrophysics Data System}
}


@ARTICLE{2017Krolewski,
   author = {{Krolewski}, A. and {Lee}, K.-G. and {Luki{\'c}}, Z. and {White}, M.
	},
    title = "{Measuring Alignments between Galaxies and the Cosmic Web at z {\tilde} 2-3 Using IGM Tomography}",
  journal = {\apj},
archivePrefix = "arXiv",
   eprint = {1612.00067},
 keywords = {cosmology: observations, galaxies: high-redshift, intergalactic medium, large-scale structure of universe, quasars: absorption lines},
     year = 2017,
    month = mar,
   volume = 837,
      eid = {31},
    pages = {31},
      doi = {10.3847/1538-4357/837/1/31},
   adsurl = {http://adsabs.harvard.edu/abs/2017ApJ...837...31K},
  adsnote = {Provided by the SAO/NASA Astrophysics Data System}
}


@ARTICLE{2015Massara,
   author = {{Massara}, E. and {Villaescusa-Navarro}, F. and {Viel}, M. and 
	{Sutter}, P.~M.},
    title = "{Voids in massive neutrino cosmologies}",
  journal = {\jcap},
archivePrefix = "arXiv",
   eprint = {1506.03088},
     year = 2015,
    month = nov,
   volume = 11,
      eid = {018},
    pages = {018},
      doi = {10.1088/1475-7516/2015/11/018},
   adsurl = {http://adsabs.harvard.edu/abs/2015JCAP...11..018M},
  adsnote = {Provided by the SAO/NASA Astrophysics Data System}
}


@ARTICLE{2018Falck,
   author = {{Falck}, B. and {Koyama}, K. and {Zhao}, G.-B. and {Cautun}, M.
	},
    title = "{Using voids to unscreen modified gravity}",
  journal = {\mnras},
archivePrefix = "arXiv",
   eprint = {1704.08942},
 keywords = {methods: numerical, dark energy, large-scale structure of Universe},
     year = 2018,
    month = apr,
   volume = 475,
    pages = {3262-3272},
      doi = {10.1093/mnras/stx3288},
   adsurl = {http://adsabs.harvard.edu/abs/2018MNRAS.475.3262F},
  adsnote = {Provided by the SAO/NASA Astrophysics Data System}
}


@ARTICLE{2017Sugiyama,
   author = {{Sugiyama}, N.~S. and {Okumura}, T. and {Spergel}, D.~N.},
    title = "{Will kinematic Sunyaev-Zel'dovich measurements enhance the science return from galaxy redshift surveys?}",
  journal = {\jcap},
archivePrefix = "arXiv",
   eprint = {1606.06367},
     year = 2017,
    month = jan,
   volume = 1,
      eid = {057},
    pages = {057},
      doi = {10.1088/1475-7516/2017/01/057},
   adsurl = {http://adsabs.harvard.edu/abs/2017JCAP...01..057S},
  adsnote = {Provided by the SAO/NASA Astrophysics Data System}
}


@ARTICLE{2015nyxlya,
   author = {{Luki{\'c}}, Z. and {Stark}, C.~W. and {Nugent}, P. and {White}, M. and 
	{Meiksin}, A.~A. and {Almgren}, A.},
    title = "{The Lyman {$\alpha$} forest in optically thin hydrodynamical simulations}",
  journal = {\mnras},
archivePrefix = "arXiv",
   eprint = {1406.6361},
 keywords = {methods: numerical, intergalactic medium, quasars: absorption lines, large-scale structure of universe},
     year = 2015,
    month = feb,
   volume = 446,
    pages = {3697-3724},
      doi = {10.1093/mnras/stu2377},
   adsurl = {http://adsabs.harvard.edu/abs/2015MNRAS.446.3697L},
  adsnote = {Provided by the SAO/NASA Astrophysics Data System}
}


@ARTICLE{TZ,
   author = {{Tassev}, S. and {Zaldarriaga}, M.},
    title = "{Estimating CDM particle trajectories in the mildly non-linear regime of structure formation. Implications for the density field in real and redshift space}",
  journal = {\jcap},
archivePrefix = "arXiv",
   eprint = {1203.5785},
     year = 2012,
    month = dec,
   volume = 12,
      eid = {011},
    pages = {011},
      doi = {10.1088/1475-7516/2012/12/011},
   adsurl = {http://adsabs.harvard.edu/abs/2012JCAP...12..011T},
  adsnote = {Provided by the SAO/NASA Astrophysics Data System}
}


@ARTICLE{ECULID3,
   author = {{Wang}, H. and {Mo}, H.~J. and {Yang}, X. and {Zhang}, Y. and 
	{Shi}, J. and {Jing}, Y.~P. and {Liu}, C. and {Li}, S. and {Kang}, X. and 
	{Gao}, Y.},
    title = "{ELUCID - Exploring the Local Universe with ReConstructed Initial Density Field III: Constrained Simulation in the SDSS Volume}",
  journal = {\apj},
archivePrefix = "arXiv",
   eprint = {1608.01763},
 keywords = {dark matter, galaxies: halos, large-scale structure of universe, methods: statistical },
     year = 2016,
    month = nov,
   volume = 831,
      eid = {164},
    pages = {164},
      doi = {10.3847/0004-637X/831/2/164},
   adsurl = {http://adsabs.harvard.edu/abs/2016ApJ...831..164W},
  adsnote = {Provided by the SAO/NASA Astrophysics Data System}
}


@BOOK{NumRec,
   author = {{Press}, W.~H. and {Teukolsky}, S.~A. and {Vetterling}, W.~T. and 
	{Flannery}, B.~P.},
    title = "{Numerical recipes in C++ : the art of scientific computing}",
booktitle = {Numerical recipes in C++ : the art of scientific computing by William H.~Press.~xxviii, 1,002 p.~: ill.~; 26 cm.~ Includes bibliographical references and index.~ISBN :  0521750334},
     year = 2002,
   adsurl = {http://adsabs.harvard.edu/abs/2002nrca.book.....P},
  adsnote = {Provided by the SAO/NASA Astrophysics Data System}
}



@ARTICLE{HMC,
   author = {{Jasche}, J. and {Wandelt}, B.~D.},
    title = "{Bayesian physical reconstruction of initial conditions from large-scale structure surveys}",
  journal = {\mnras},
archivePrefix = "arXiv",
   eprint = {1203.3639},
 keywords = {methods: numerical, methods: statistical, large-scale structure of Universe},
     year = 2013,
    month = jun,
   volume = 432,
    pages = {894-913},
      doi = {10.1093/mnras/stt449},
   adsurl = {http://adsabs.harvard.edu/abs/2013MNRAS.432..894J},
  adsnote = {Provided by the SAO/NASA Astrophysics Data System}
}


@ARTICLE{Horowitz,
   author = {{Horowitz}, B. and {Ferraro}, S. and {Sherwin}, B.~D.},
    title = "{Reconstructing Small Scale Lenses from the Cosmic Microwave Background}",
  journal = {ArXiv e-prints},
archivePrefix = "arXiv",
   eprint = {1710.10236},
 keywords = {Astrophysics - Cosmology and Nongalactic Astrophysics},
     year = 2017,
    month = oct,
   adsurl = {http://adsabs.harvard.edu/abs/2017arXiv171010236H},
  adsnote = {Provided by the SAO/NASA Astrophysics Data System}
}


@ARTICLE{2018BORG,
   author = {{Jasche}, J. and {Lavaux}, G.},
    title = "{Physical Bayesian modelling of the non-linear matter distribution: new insights into the Nearby Universe}",
  journal = {arXiv e-prints},
archivePrefix = "arXiv",
   eprint = {1806.11117},
 keywords = {Astrophysics - Cosmology and Nongalactic Astrophysics},
     year = 2018,
    month = jun,
   adsurl = {http://adsabs.harvard.edu/abs/2018arXiv180611117J},
  adsnote = {Provided by the SAO/NASA Astrophysics Data System}
}


@ARTICLE{2018Dai,
   author = {{Dai}, B. and {Feng}, Y. and {Seljak}, U.},
    title = "{A gradient based method for modeling baryons and matter in halos of fast simulations}",
  journal = {\jcap},
archivePrefix = "arXiv",
   eprint = {1804.00671},
     year = 2018,
    month = nov,
   volume = 11,
      eid = {009},
    pages = {009},
      doi = {10.1088/1475-7516/2018/11/009},
   adsurl = {http://adsabs.harvard.edu/abs/2018JCAP...11..009D},
  adsnote = {Provided by the SAO/NASA Astrophysics Data System}
}


@ARTICLE{zhufeng,
   author = {{Zhu}, W. and {Feng}, L.-L.},
    title = "{Preheating of the Intergalactic Medium by Gravitational Collapse and Ultraviolet Background}",
  journal = {\apj},
archivePrefix = "arXiv",
   eprint = {1709.00709},
 keywords = {galaxies: formation, galaxies: halos, intergalactic medium, large-scale structure of universe, methods: numerical},
     year = 2017,
    month = sep,
   volume = 847,
      eid = {17},
    pages = {17},
      doi = {10.3847/1538-4357/aa88d2},
   adsurl = {http://adsabs.harvard.edu/abs/2017ApJ...847...17Z},
  adsnote = {Provided by the SAO/NASA Astrophysics Data System}
}

@ARTICLE{2018arXiv180706209P,
   author = {{Planck Collaboration} and {Aghanim}, N. and {Akrami}, Y. and 
	{Ashdown}, M. and {Aumont}, J. and {Baccigalupi}, C. and {Ballardini}, M. and 
	{Banday}, A.~J. and {Barreiro}, R.~B. and {Bartolo}, N. and 
	{Basak}, S. and {Battye}, R. and {Benabed}, K. and {Bernard}, J.-P. and 
	{Bersanelli}, M. and {Bielewicz}, P. and {Bock}, J.~J. and {Bond}, J.~R. and 
	{Borrill}, J. and {Bouchet}, F.~R. and {Boulanger}, F. and {Bucher}, M. and 
	{Burigana}, C. and {Butler}, R.~C. and {Calabrese}, E. and {Cardoso}, J.-F. and 
	{Carron}, J. and {Challinor}, A. and {Chiang}, H.~C. and {Chluba}, J. and 
	{Colombo}, L.~P.~L. and {Combet}, C. and {Contreras}, D. and 
	{Crill}, B.~P. and {Cuttaia}, F. and {de Bernardis}, P. and 
	{de Zotti}, G. and {Delabrouille}, J. and {Delouis}, J.-M. and 
	{Di Valentino}, E. and {Diego}, J.~M. and {Dor{\'e}}, O. and 
	{Douspis}, M. and {Ducout}, A. and {Dupac}, X. and {Dusini}, S. and 
	{Efstathiou}, G. and {Elsner}, F. and {En{\ss}lin}, T.~A. and 
	{Eriksen}, H.~K. and {Fantaye}, Y. and {Farhang}, M. and {Fergusson}, J. and 
	{Fernandez-Cobos}, R. and {Finelli}, F. and {Forastieri}, F. and 
	{Frailis}, M. and {Franceschi}, E. and {Frolov}, A. and {Galeotta}, S. and 
	{Galli}, S. and {Ganga}, K. and {G{\'e}nova-Santos}, R.~T. and 
	{Gerbino}, M. and {Ghosh}, T. and {Gonz{\'a}lez-Nuevo}, J. and 
	{G{\'o}rski}, K.~M. and {Gratton}, S. and {Gruppuso}, A. and 
	{Gudmundsson}, J.~E. and {Hamann}, J. and {Handley}, W. and 
	{Herranz}, D. and {Hivon}, E. and {Huang}, Z. and {Jaffe}, A.~H. and 
	{Jones}, W.~C. and {Karakci}, A. and {Keih{\"a}nen}, E. and 
	{Keskitalo}, R. and {Kiiveri}, K. and {Kim}, J. and {Kisner}, T.~S. and 
	{Knox}, L. and {Krachmalnicoff}, N. and {Kunz}, M. and {Kurki-Suonio}, H. and 
	{Lagache}, G. and {Lamarre}, J.-M. and {Lasenby}, A. and {Lattanzi}, M. and 
	{Lawrence}, C.~R. and {Le Jeune}, M. and {Lemos}, P. and {Lesgourgues}, J. and 
	{Levrier}, F. and {Lewis}, A. and {Liguori}, M. and {Lilje}, P.~B. and 
	{Lilley}, M. and {Lindholm}, V. and {L{\'o}pez-Caniego}, M. and 
	{Lubin}, P.~M. and {Ma}, Y.-Z. and {Mac{\'{\i}}as-P{\'e}rez}, J.~F. and 
	{Maggio}, G. and {Maino}, D. and {Mandolesi}, N. and {Mangilli}, A. and 
	{Marcos-Caballero}, A. and {Maris}, M. and {Martin}, P.~G. and 
	{Martinelli}, M. and {Mart{\'{\i}}nez-Gonz{\'a}lez}, E. and 
	{Matarrese}, S. and {Mauri}, N. and {McEwen}, J.~D. and {Meinhold}, P.~R. and 
	{Melchiorri}, A. and {Mennella}, A. and {Migliaccio}, M. and 
	{Millea}, M. and {Mitra}, S. and {Miville-Desch{\^e}nes}, M.-A. and 
	{Molinari}, D. and {Montier}, L. and {Morgante}, G. and {Moss}, A. and 
	{Natoli}, P. and {N{\o}rgaard-Nielsen}, H.~U. and {Pagano}, L. and 
	{Paoletti}, D. and {Partridge}, B. and {Patanchon}, G. and {Peiris}, H.~V. and 
	{Perrotta}, F. and {Pettorino}, V. and {Piacentini}, F. and 
	{Polastri}, L. and {Polenta}, G. and {Puget}, J.-L. and {Rachen}, J.~P. and 
	{Reinecke}, M. and {Remazeilles}, M. and {Renzi}, A. and {Rocha}, G. and 
	{Rosset}, C. and {Roudier}, G. and {Rubi{\~n}o-Mart{\'{\i}}n}, J.~A. and 
	{Ruiz-Granados}, B. and {Salvati}, L. and {Sandri}, M. and {Savelainen}, M. and 
	{Scott}, D. and {Shellard}, E.~P.~S. and {Sirignano}, C. and 
	{Sirri}, G. and {Spencer}, L.~D. and {Sunyaev}, R. and {Suur-Uski}, A.-S. and 
	{Tauber}, J.~A. and {Tavagnacco}, D. and {Tenti}, M. and {Toffolatti}, L. and 
	{Tomasi}, M. and {Trombetti}, T. and {Valenziano}, L. and {Valiviita}, J. and 
	{Van Tent}, B. and {Vibert}, L. and {Vielva}, P. and {Villa}, F. and 
	{Vittorio}, N. and {Wandelt}, B.~D. and {Wehus}, I.~K. and {White}, M. and 
	{White}, S.~D.~M. and {Zacchei}, A. and {Zonca}, A.},
    title = "{Planck 2018 results. VI. Cosmological parameters}",
  journal = {arXiv e-prints},
archivePrefix = "arXiv",
   eprint = {1807.06209},
 keywords = {Astrophysics - Cosmology and Nongalactic Astrophysics},
     year = 2018,
    month = jul,
   adsurl = {http://adsabs.harvard.edu/abs/2018arXiv180706209P},
  adsnote = {Provided by the SAO/NASA Astrophysics Data System}
}

@ARTICLE{2012Baldauf,
   author = {{Baldauf}, T. and {Seljak}, U. and {Desjacques}, V. and {McDonald}, P.
	},
    title = "{Evidence for quadratic tidal tensor bias from the halo bispectrum}",
  journal = {\prd},
archivePrefix = "arXiv",
   eprint = {1201.4827},
 primaryClass = "astro-ph.CO",
 keywords = {Superclusters, large-scale structure of the Universe, Dark matter, Particle-theory and field-theory models of the early Universe},
     year = 2012,
    month = oct,
   volume = 86,
   number = 8,
      eid = {083540},
    pages = {083540},
      doi = {10.1103/PhysRevD.86.083540},
   adsurl = {http://adsabs.harvard.edu/abs/2012PhRvD..86h3540B},
  adsnote = {Provided by the SAO/NASA Astrophysics Data System}
}


@ARTICLE{2019Ramakrishnan,
   author = {{Ramakrishnan}, S. and {Paranjape}, A. and {Hahn}, O. and {Sheth}, R.~K.
	},
    title = "{Cosmic web anisotropy is the primary indicator of halo assembly bias}",
  journal = {arXiv e-prints},
archivePrefix = "arXiv",
   eprint = {1903.02007},
 keywords = {Astrophysics - Cosmology and Nongalactic Astrophysics, Astrophysics - Astrophysics of Galaxies},
     year = 2019,
    month = mar,
   adsurl = {http://adsabs.harvard.edu/abs/2019arXiv190302007R},
  adsnote = {Provided by the SAO/NASA Astrophysics Data System}
}


@ARTICLE{2004Kauffmann,
   author = {{Kauffmann}, G. and {White}, S.~D.~M. and {Heckman}, T.~M. and 
	{M{\'e}nard}, B. and {Brinchmann}, J. and {Charlot}, S. and 
	{Tremonti}, C. and {Brinkmann}, J.},
    title = "{The environmental dependence of the relations between stellar mass, structure, star formation and nuclear activity in galaxies}",
  journal = {\mnras},
   eprint = {astro-ph/0402030},
 keywords = {galaxies: evolution, galaxies: formation, galaxies: stellar content},
     year = 2004,
    month = sep,
   volume = 353,
    pages = {713-731},
      doi = {10.1111/j.1365-2966.2004.08117.x},
   adsurl = {http://adsabs.harvard.edu/abs/2004MNRAS.353..713K},
  adsnote = {Provided by the SAO/NASA Astrophysics Data System}
}


@ARTICLE{1980Dressler,
   author = {{Dressler}, A.},
    title = "{Galaxy morphology in rich clusters - Implications for the formation and evolution of galaxies}",
  journal = {\apj},
 keywords = {Elliptical Galaxies, Galactic Clusters, Galactic Evolution, Galactic Structure, Spiral Galaxies, Astronomical Maps, Density Distribution, Interstellar Gas, Telescopes, Universe, X Ray Astronomy},
     year = 1980,
    month = mar,
   volume = 236,
    pages = {351-365},
      doi = {10.1086/157753},
   adsurl = {http://adsabs.harvard.edu/abs/1980ApJ...236..351D},
  adsnote = {Provided by the SAO/NASA Astrophysics Data System}
}


@ARTICLE{2014Cautun,
   author = {{Cautun}, M. and {van de Weygaert}, R. and {Jones}, B.~J.~T. and 
	{Frenk}, C.~S.},
    title = "{Evolution of the cosmic web}",
  journal = {\mnras},
archivePrefix = "arXiv",
   eprint = {1401.7866},
 keywords = {methods: data analysis, cosmology: theory, large-scale structure of Universe},
     year = 2014,
    month = jul,
   volume = 441,
    pages = {2923-2973},
      doi = {10.1093/mnras/stu768},
   adsurl = {http://adsabs.harvard.edu/abs/2014MNRAS.441.2923C},
  adsnote = {Provided by the SAO/NASA Astrophysics Data System}
}


@ARTICLE{2016LeeWhite,
   author = {{Lee}, K.-G. and {White}, M.},
    title = "{Revealing the z \~{} 2.5 Cosmic Web with 3D Ly{$\alpha$} Forest Tomography: a Deformation Tensor Approach}",
  journal = {\apj},
archivePrefix = "arXiv",
   eprint = {1603.04441},
 keywords = {cosmology: observations, galaxies: halos, galaxies: high-redshift, intergalactic medium, quasars: absorption lines, techniques: spectroscopic},
     year = 2016,
    month = nov,
   volume = 831,
      eid = {181},
    pages = {181},
      doi = {10.3847/0004-637X/831/2/181},
   adsurl = {http://adsabs.harvard.edu/abs/2016ApJ...831..181L},
  adsnote = {Provided by the SAO/NASA Astrophysics Data System}
}


@ARTICLE{2015TMT,
   author = {{Skidmore}, W. and {TMT International Science Development Teams} and 
	{Science Advisory Committee}, T.},
    title = "{Thirty Meter Telescope Detailed Science Case: 2015}",
  journal = {Research in Astronomy and Astrophysics},
archivePrefix = "arXiv",
   eprint = {1505.01195},
 primaryClass = "astro-ph.IM",
     year = 2015,
    month = dec,
   volume = 15,
      eid = {1945},
    pages = {1945},
      doi = {10.1088/1674-4527/15/12/001},
   adsurl = {http://adsabs.harvard.edu/abs/2015RAA....15.1945S},
  adsnote = {Provided by the SAO/NASA Astrophysics Data System}
}
@ARTICLE{Lee2017,
   author = {{Lee}, K.-G. and {Krolewski}, A. and {White}, M. and {Schlegel}, D. and 
	{Nugent}, P.~E. and {Hennawi}, J.~F. and {M{\"u}ller}, T. and 
	{Pan}, R. and {Prochaska}, J.~X. and {Font-Ribera}, A. and {Suzuki}, N. and 
	{Glazebrook}, K. and {Kacprzak}, G.~G. and {Kartaltepe}, J.~S. and 
	{Le F{\'e}vre}, O. and {Lemaux}, B.~C. and {Maier}, C. and {Nanayakkara}, T. and 
	{Rich}, R.~M. and {Sanders}, D.~B. and {Salvato}, M. and {Tasca}, L. and 
	{Tran}, K.-V.~H.},
    title = "{First Data Release of the COSMOS Lyman-Alpha Mapping And Tomography Observations: 3D Lyman-alpha Forest Tomography at 2.05 < z < 2.55}",
  journal = {ArXiv e-prints},
archivePrefix = "arXiv",
   eprint = {1710.02894},
 keywords = {Astrophysics - Cosmology and Nongalactic Astrophysics, Astrophysics - Astrophysics of Galaxies},
     year = 2017,
    month = oct,
   adsurl = {http://adsabs.harvard.edu/abs/2017arXiv171002894L},
  adsnote = {Provided by the SAO/NASA Astrophysics Data System}
}

@ARTICLE{subaru,
   author = {{Takada}, M. and {Ellis}, R.~S. and {Chiba}, M. and {Greene}, J.~E. and 
	{Aihara}, H. and {Arimoto}, N. and {Bundy}, K. and {Cohen}, J. and 
	{Dor{\'e}}, O. and {Graves}, G. and {Gunn}, J.~E. and {Heckman}, T. and 
	{Hirata}, C.~M. and {Ho}, P. and {Kneib}, J.-P. and {Le F{\`e}vre}, O. and 
	{Lin}, L. and {More}, S. and {Murayama}, H. and {Nagao}, T. and 
	{Ouchi}, M. and {Seiffert}, M. and {Silverman}, J.~D. and {Sodr{\'e}}, L. and 
	{Spergel}, D.~N. and {Strauss}, M.~A. and {Sugai}, H. and {Suto}, Y. and 
	{Takami}, H. and {Wyse}, R.},
    title = "{Extragalactic science, cosmology, and Galactic archaeology with the Subaru Prime Focus Spectrograph}",
  journal = {\apj},
archivePrefix = "arXiv",
   eprint = {1206.0737},
 keywords = {cosmology: dark energy, cosmology: large-scale structure of Universe, galaxies: formation, galaxies: kinematics and dynamics, instrumentation: spectographs},
     year = 2014,
    month = feb,
   volume = 66,
      eid = {R1},
    pages = {R1},
      doi = {10.1093/pasj/pst019},
   adsurl = {http://adsabs.harvard.edu/abs/2014PASJ...66R...1T},
  adsnote = {Provided by the SAO/NASA Astrophysics Data System}
}

@ARTICLE{fastPM,
   author = {{Feng}, Y. and {Chu}, M.-Y. and {Seljak}, U. and {McDonald}, P.
	},
    title = "{FASTPM: a new scheme for fast simulations of dark matter and haloes}",
  journal = {\mnras},
archivePrefix = "arXiv",
   eprint = {1603.00476},
 keywords = {methods: numerical, galaxies: haloes, cosmology: theory, dark matter, large-scale structure of Universe},
     year = 2016,
    month = dec,
   volume = 463,
    pages = {2273-2286},
      doi = {10.1093/mnras/stw2123},
   adsurl = {http://adsabs.harvard.edu/abs/2016MNRAS.463.2273F},
  adsnote = {Provided by the SAO/NASA Astrophysics Data System}
}

@ARTICLE{cosmicnoon,
   author = {{Madau}, P. and {Dickinson}, M.},
    title = "{Cosmic Star-Formation History}",
  journal = {\araa},
archivePrefix = "arXiv",
   eprint = {1403.0007},
     year = 2014,
    month = aug,
   volume = 52,
    pages = {415-486},
      doi = {10.1146/annurev-astro-081811-125615},
   adsurl = {http://adsabs.harvard.edu/abs/2014ARA%26A..52..415M},
  adsnote = {Provided by the SAO/NASA Astrophysics Data System}
}

@ARTICLE{galaxybias,
   author = {{Desjacques}, V. and {Jeong}, D. and {Schmidt}, F.},
    title = "{Large-Scale Galaxy Bias}",
  journal = {ArXiv e-prints},
archivePrefix = "arXiv",
   eprint = {1611.09787},
 keywords = {Astrophysics - Cosmology and Nongalactic Astrophysics, Astrophysics - Astrophysics of Galaxies, General Relativity and Quantum Cosmology, High Energy Physics - Phenomenology},
     year = 2016,
    month = nov,
   adsurl = {http://adsabs.harvard.edu/abs/2016arXiv161109787D},
  adsnote = {Provided by the SAO/NASA Astrophysics Data System}
}


@ARTICLE{reviewGal2,
   author = {{Conselice}, C.~J.},
    title = "{The Evolution of Galaxy Structure Over Cosmic Time}",
  journal = {\araa},
archivePrefix = "arXiv",
   eprint = {1403.2783},
     year = 2014,
    month = aug,
   volume = 52,
    pages = {291-337},
      doi = {10.1146/annurev-astro-081913-040037},
   adsurl = {http://adsabs.harvard.edu/abs/2014ARA%26A..52..291C},
  adsnote = {Provided by the SAO/NASA Astrophysics Data System}
}


@ARTICLE{reviewGal,
   author = {{Naab}, T. and {Ostriker}, J.~P.},
    title = "{Theoretical Challenges in Galaxy Formation}",
  journal = {\araa},
archivePrefix = "arXiv",
   eprint = {1612.06891},
     year = 2017,
    month = aug,
   volume = 55,
    pages = {59-109},
      doi = {10.1146/annurev-astro-081913-040019},
   adsurl = {http://adsabs.harvard.edu/abs/2017ARA%26A..55...59N},
  adsnote = {Provided by the SAO/NASA Astrophysics Data System}
}


@ARTICLE{desi,
   author = {{Levi}, M. and {Bebek}, C. and {Beers}, T. and {Blum}, R. and 
	{Cahn}, R. and {Eisenstein}, D. and {Flaugher}, B. and {Honscheid}, K. and 
	{Kron}, R. and {Lahav}, O. and {McDonald}, P. and {Roe}, N. and 
	{Schlegel}, D. and {representing the DESI collaboration}},
    title = "{The DESI Experiment, a whitepaper for Snowmass 2013}",
  journal = {ArXiv e-prints},
archivePrefix = "arXiv",
   eprint = {1308.0847},
 primaryClass = "astro-ph.CO",
 keywords = {Astrophysics - Cosmology and Extragalactic Astrophysics, Astrophysics - Instrumentation and Methods for Astrophysics},
     year = 2013,
    month = aug,
   adsurl = {http://adsabs.harvard.edu/abs/2013arXiv1308.0847L},
  adsnote = {Provided by the SAO/NASA Astrophysics Data System}
}


@ARTICLE{caucci,
   author = {{Caucci}, S. and {Colombi}, S. and {Pichon}, C. and {Rollinde}, E. and 
	{Petitjean}, P. and {Sousbie}, T.},
    title = "{Recovering the topology of the intergalactic medium at z \~{} 2}",
  journal = {\mnras},
 keywords = {methods: statistical , intergalactic medium , quasars: absorption lines , large-scale structure of Universe},
     year = 2008,
    month = may,
   volume = 386,
    pages = {211-229},
      doi = {10.1111/j.1365-2966.2008.13016.x},
   adsurl = {http://adsabs.harvard.edu/abs/2008MNRAS.386..211C},
  adsnote = {Provided by the SAO/NASA Astrophysics Data System}
}



@ARTICLE{wang2016,
   author = {{Wang}, T. and {Elbaz}, D. and {Daddi}, E. and {Finoguenov}, A. and 
	{Liu}, D. and {Schreiber}, C. and {Mart{\'{\i}}n}, S. and {Strazzullo}, V. and 
	{Valentino}, F. and {van der Burg}, R. and {Zanella}, A. and 
	{Ciesla}, L. and {Gobat}, R. and {Le Brun}, A. and {Pannella}, M. and 
	{Sargent}, M. and {Shu}, X. and {Tan}, Q. and {Cappelluti}, N. and 
	{Li}, Y.},
    title = "{Discovery of a Galaxy Cluster with a Violently Starbursting Core at z = 2.506}",
  journal = {\apj},
archivePrefix = "arXiv",
   eprint = {1604.07404},
 keywords = {galaxies: clusters: general, galaxies: evolution, galaxies: formation, galaxies: high-redshift, galaxies: starburst, large-scale structure of universe},
     year = 2016,
    month = sep,
   volume = 828,
      eid = {56},
    pages = {56},
      doi = {10.3847/0004-637X/828/1/56},
   adsurl = {http://adsabs.harvard.edu/abs/2016ApJ...828...56W},
  adsnote = {Provided by the SAO/NASA Astrophysics Data System}
}


@ARTICLE{Stark2015,
   author = {{Stark}, C.~W. and {White}, M. and {Lee}, K.-G. and {Hennawi}, J.~F.
	},
    title = "{Protocluster discovery in tomographic Ly {$\alpha$} forest flux maps}",
  journal = {\mnras},
archivePrefix = "arXiv",
   eprint = {1412.1507},
 keywords = {intergalactic medium, large-scale structure of Universe},
     year = 2015,
    month = oct,
   volume = 453,
    pages = {311-327},
      doi = {10.1093/mnras/stv1620},
   adsurl = {http://adsabs.harvard.edu/abs/2015MNRAS.453..311S},
  adsnote = {Provided by the SAO/NASA Astrophysics Data System}
}


@MISC{McDonald2017,
   author = {{McDonald}, M.},
    title = "{Revealing Thermal Instabilities in the Core of the Phoenix Cluster}",
howpublished = {HST Proposal},
     year = 2017,
    month = aug,
      eid = {15315},
    pages = {15315},
   adsurl = {http://adsabs.harvard.edu/abs/2017hst..prop15315M},
  adsnote = {Provided by the SAO/NASA Astrophysics Data System}
}

@ARTICLE{Nicastro,
   author = {{Nicastro}, F. and {Mathur}, S. and {Elvis}, M.},
    title = "{Missing Baryons and the Warm-Hot Intergalactic Medium}",
  journal = {Science},
archivePrefix = "arXiv",
   eprint = {0712.2375},
     year = 2008,
    month = jan,
   volume = 319,
    pages = {55},
      doi = {10.1126/science.1151400},
   adsurl = {http://adsabs.harvard.edu/abs/2008Sci...319...55N},
  adsnote = {Provided by the SAO/NASA Astrophysics Data System}
}


@ARTICLE{WHIM,
   author = {{Dav{\'e}}, R. and {Cen}, R. and {Ostriker}, J.~P. and {Bryan}, G.~L. and 
	{Hernquist}, L. and {Katz}, N. and {Weinberg}, D.~H. and {Norman}, M.~L. and 
	{O'Shea}, B.},
    title = "{Baryons in the Warm-Hot Intergalactic Medium}",
  journal = {\apj},
   eprint = {astro-ph/0007217},
 keywords = {Cosmology: Observations, Galaxies: Intergalactic Medium, Cosmology: Large-Scale Structure of Universe, Methods: Numerical},
     year = 2001,
    month = may,
   volume = 552,
    pages = {473-483},
      doi = {10.1086/320548},
   adsurl = {http://adsabs.harvard.edu/abs/2001ApJ...552..473D},
  adsnote = {Provided by the SAO/NASA Astrophysics Data System}
}

@ARTICLE{2009simon,
   author = {{Simon}, P. and {Taylor}, A.~N. and {Hartlap}, J.},
    title = "{Unfolding the matter distribution using three-dimensional weak gravitational lensing}",
  journal = {\mnras},
archivePrefix = "arXiv",
   eprint = {0907.0016},
 keywords = {gravitational lensing , dark matter , large-scale structure of Universe},
     year = 2009,
    month = oct,
   volume = 399,
    pages = {48-68},
      doi = {10.1111/j.1365-2966.2009.15246.x},
   adsurl = {http://adsabs.harvard.edu/abs/2009MNRAS.399...48S},
  adsnote = {Provided by the SAO/NASA Astrophysics Data System}
}

@article{seljak2017towards,
   author = {{Seljak}, U. and {Aslanyan}, G. and {Feng}, Y. and {Modi}, C.
	},
    title = "{Towards optimal extraction of cosmological information from nonlinear data}",
  journal = {ArXiv e-prints},
archivePrefix = "arXiv",
   eprint = {1706.06645},
 keywords = {Astrophysics - Cosmology and Nongalactic Astrophysics},
     year = 2017,
    month = jun,
   adsurl = {http://adsabs.harvard.edu/abs/2017arXiv170606645S},
  adsnote = {Provided by the SAO/NASA Astrophysics Data System}
}

@article{seljak1998cosmography,
    author = {{Seljak}, U.},
    title = "{Cosmography and Power Spectrum Estimation: A Unified Approach}",
  journal = {\apj},
   eprint = {astro-ph/9710269},
 keywords = {COSMOLOGY: THEORY, COSMOLOGY: LARGE-SCALE STRUCTURE OF UNIVERSE, METHODS: ANALYTICAL, Cosmology: Theory, Cosmology: Large-Scale Structure of Universe, Methods: Analytical},
     year = 1998,
    month = aug,
   volume = 503,
    pages = {492-501},
      doi = {10.1086/306019},
   adsurl = {http://adsabs.harvard.edu/abs/1998ApJ...503..492S},
  adsnote = {Provided by the SAO/NASA Astrophysics Data System}
}


@ARTICLE{2016MSE,
   author = {{McConnachie}, A. and {Babusiaux}, C. and {Balogh}, M. and {Driver}, S. and 
	{C{\^o}t{\'e}}, P. and {Courtois}, H. and {Davies}, L. and {Ferrarese}, L. and 
	{Gallagher}, S. and {Ibata}, R. and {Martin}, N. and {Robotham}, A. and 
	{Venn}, K. and {Villaver}, E. and {Bovy}, J. and {Boselli}, A. and 
	{Colless}, M. and {Comparat}, J. and {Denny}, K. and {Duc}, P.-A. and 
	{Ellison}, S. and {de Grijs}, R. and {Fernandez-Lorenzo}, M. and 
	{Freeman}, K. and {Guhathakurta}, R. and {Hall}, P. and {Hopkins}, A. and 
	{Hudson}, M. and {Johnson}, A. and {Kaiser}, N. and {Koda}, J. and 
	{Konstantopoulos}, I. and {Koshy}, G. and {Lee}, K.-G. and {Nusser}, A. and 
	{Pancoast}, A. and {Peng}, E. and {Peroux}, C. and {Petitjean}, P. and 
	{Pichon}, C. and {Poggianti}, B. and {Schmid}, C. and {Shastri}, P. and 
	{Shen}, Y. and {Willot}, C. and {Croom}, S. and {Lallement}, R. and 
	{Schimd}, C. and {Smith}, D. and {Walker}, M. and {Willis}, J. and 
	{Colless}, A.~B.~M. and {Goswami}, A. and {Jarvis}, M. and {Jullo}, E. and 
	{Kneib}, J.-P. and {Konstantopoloulous}, I. and {Newman}, J. and 
	{Richard}, J. and {Sutaria}, F. and {Taylor}, E. and {van Waerbeke}, L. and 
	{Battaglia}, G. and {Hall}, P. and {Haywood}, M. and {Sakari}, C. and 
	{Schmid}, C. and {Seibert}, A. and {Thirupathi}, S. and {Wang}, Y. and 
	{Wang}, Y. and {Babas}, F. and {Bauman}, S. and {Caffau}, E. and 
	{Laychak}, M.~B. and {Crampton}, D. and {Devost}, D. and {Flagey}, N. and 
	{Han}, Z. and {Higgs}, C. and {Hill}, V. and {Ho}, K. and {Isani}, S. and 
	{Mignot}, S. and {Murowinski}, R. and {Pandey}, G. and {Salmon}, D. and 
	{Siebert}, A. and {Simons}, D. and {Starkenburg}, E. and {Szeto}, K. and 
	{Tully}, B. and {Vermeulen}, T. and {Withington}, K. and {Arimoto}, N. and 
	{Asplund}, M. and {Aussel}, H. and {Bannister}, M. and {Bhatt}, H. and 
	{Bhargavi}, S. and {Blakeslee}, J. and {Bland-Hawthorn}, J. and 
	{Bullock}, J. and {Burgarella}, D. and {Chang}, T.-C. and {Cole}, A. and 
	{Cooke}, J. and {Cooper}, A. and {Di Matteo}, P. and {Favole}, G. and 
	{Flores}, H. and {Gaensler}, B. and {Garnavich}, P. and {Gilbert}, K. and 
	{Gonzalez-Delgado}, R. and {Guhathakurta}, P. and {Hasinger}, G. and 
	{Herwig}, F. and {Hwang}, N. and {Jablonka}, P. and {Jarvis}, M. and 
	{Kamath}, U. and {Kewley}, L. and {Le Borgne}, D. and {Lewis}, G. and 
	{Lupton}, R. and {Martell}, S. and {Mateo}, M. and {Mena}, O. and 
	{Nataf}, D. and {Newman}, J. and {P{\'e}rez}, E. and {Prada}, F. and 
	{Puech}, M. and {Recio-Blanco}, A. and {Robin}, A. and {Saunders}, W. and 
	{Smith}, D. and {Stalin}, C.~S. and {Tao}, C. and {Thanjuvur}, K. and 
	{Tresse}, L. and {van Waerbeke}, L. and {Wang}, J.-M. and {Yong}, D. and 
	{Zhao}, G. and {Boisse}, P. and {Bolton}, J. and {Bonifacio}, P. and 
	{Bouchy}, F. and {Cowie}, L. and {Cunha}, K. and {Deleuil}, M. and 
	{de Mooij}, E. and {Dufour}, P. and {Foucaud}, S. and {Glazebrook}, K. and 
	{Hutchings}, J. and {Kobayashi}, C. and {Kudritzki}, R.-P. and 
	{Li}, Y.-S. and {Lin}, L. and {Lin}, Y.-T. and {Makler}, M. and 
	{Narita}, N. and {Park}, C. and {Ransom}, R. and {Ravindranath}, S. and 
	{Eswar Reddy}, B. and {Sawicki}, M. and {Simard}, L. and {Srianand}, R. and 
	{Storchi-Bergmann}, T. and {Umetsu}, K. and {Wang}, T.-G. and 
	{Woo}, J.-H. and {Wu}, X.-B.},
    title = "{The Detailed Science Case for the Maunakea Spectroscopic Explorer: the Composition and Dynamics of the Faint Universe}",
  journal = {arXiv e-prints},
archivePrefix = "arXiv",
   eprint = {1606.00043},
 primaryClass = "astro-ph.IM",
 keywords = {Astrophysics - Instrumentation and Methods for Astrophysics, Astrophysics - Astrophysics of Galaxies},
     year = 2016,
    month = may,
   adsurl = {http://adsabs.harvard.edu/abs/2016arXiv160600043M},
  adsnote = {Provided by the SAO/NASA Astrophysics Data System}
}

@ARTICLE{2007multigrid,
   author = {{Smith}, K.~M. and {Zahn}, O. and {Dor{\'e}}, O.},
    title = "{Detection of gravitational lensing in the cosmic microwave background}",
  journal = {\prd},
archivePrefix = "arXiv",
   eprint = {0705.3980},
 keywords = {Background radiations, Gravitational lenses and luminous arcs},
     year = 2007,
    month = aug,
   volume = 76,
   number = 4,
      eid = {043510},
    pages = {043510},
      doi = {10.1103/PhysRevD.76.043510},
   adsurl = {http://adsabs.harvard.edu/abs/2007PhRvD..76d3510S},
  adsnote = {Provided by the SAO/NASA Astrophysics Data System}
}


@ARTICLE{2018fengseljakzaldarriaga,
   author = {{Feng}, Y. and {Seljak}, U. and {Zaldarriaga}, M.},
    title = "{Exploring the posterior surface of the large scale structure reconstruction}",
  journal = {\jcap},
archivePrefix = "arXiv",
   eprint = {1804.09687},
     year = 2018,
    month = jul,
   volume = 7,
      eid = {043},
    pages = {043},
      doi = {10.1088/1475-7516/2018/07/043},
   adsurl = {http://adsabs.harvard.edu/abs/2018JCAP...07..043F},
  adsnote = {Provided by the SAO/NASA Astrophysics Data System}
}


@ARTICLE{2018Chirag,
   author = {{Modi}, C. and {Feng}, Y. and {Seljak}, U.},
    title = "{Cosmological reconstruction from galaxy light: neural network based light-matter connection}",
  journal = {\jcap},
archivePrefix = "arXiv",
   eprint = {1805.02247},
     year = 2018,
    month = oct,
   volume = 10,
      eid = {028},
    pages = {028},
      doi = {10.1088/1475-7516/2018/10/028},
   adsurl = {http://adsabs.harvard.edu/abs/2018JCAP...10..028M},
  adsnote = {Provided by the SAO/NASA Astrophysics Data System}
}


@INPROCEEDINGS{1997FPGA,
   author = {{Weinberg}, D.~H. and {Hernsquit}, L. and {Katz}, N. and {Croft}, R. and 
	{Miralda-Escud{\'e}}, J.},
    title = "{Hubble Flow Broadening of the LY{$\alpha$} Forest and its Implications}",
booktitle = {Structure and Evolution of the Intergalactic Medium from QSO Absorption Line System},
     year = 1997,
   eprint = {astro-ph/9709303},
   editor = {{Petitjean}, P. and {Charlot}, S.},
    pages = {133},
   adsurl = {http://adsabs.harvard.edu/abs/1997seim.proc..133W},
  adsnote = {Provided by the SAO/NASA Astrophysics Data System}
}


@ARTICLE{2014LeeObserving,
   author = {{Lee}, K.-G. and {Hennawi}, J.~F. and {White}, M. and {Croft}, R.~A.~C. and 
	{Ozbek}, M.},
    title = "{Observational Requirements for Ly{$\alpha$} Forest Tomographic Mapping of Large-scale Structure at z \~{} 2}",
  journal = {\apj},
archivePrefix = "arXiv",
   eprint = {1309.1477},
 keywords = {cosmology: observations, galaxies: high-redshift, intergalactic medium, quasars: absorption lines, surveys, techniques: spectroscopic},
     year = 2014,
    month = jun,
   volume = 788,
      eid = {49},
    pages = {49},
      doi = {10.1088/0004-637X/788/1/49},
   adsurl = {http://adsabs.harvard.edu/abs/2014ApJ...788...49L},
  adsnote = {Provided by the SAO/NASA Astrophysics Data System}
}
